@techreport{page1999pagerank,
	title={The PageRank citation ranking: Bringing order to the web.},
	author={Page, Lawrence and Brin, Sergey and Motwani, Rajeev and Winograd, Terry},
	year={1999},
	institution={Stanford InfoLab}
}
@article{fiedler1973algebraic,
	title={Algebraic connectivity of graphs},
	author={Fiedler, Miroslav},
	journal={Czechoslovak mathematical journal},
	volume={23},
	number={2},
	pages={298--305},
	year={1973},
	publisher={Institute of Mathematics, Academy of Sciences of the Czech Republic}
}
@article{von2007tutorial,
	title={A tutorial on spectral clustering},
	author={Von Luxburg, Ulrike},
	journal={Statistics and computing},
	volume={17},
	number={4},
	pages={395--416},
	year={2007},
	publisher={Springer}
}
@article{spielman2012spectral,
	title={Spectral graph theory},
	author={Spielman, Daniel},
	journal={Lecture Notes, Yale University, \url{http://www.cs.yale.edu/homes/spielman/561/2012/}},
	year={2012}
}
@book{boyd2004convex,
	title={Convex optimization},
	author={Boyd, Stephen and Vandenberghe, Lieven},
	year={2004},
	publisher={Cambridge university press, \url{https://web.stanford.edu/~boyd/cvxbook/}}
}
@book{nocedal2006numerical,
	title={Numerical optimization},
	author={Nocedal, Jorge and Wright, Stephen},
	year={2006},
	publisher={Springer Science \& Business Media}
}
@book{rockafellar1970convex,
	title={Convex analysis},
	author={Rockafellar, R Tyrrell},
	volume={28},
	year={1970},
	publisher={Princeton university press}
}
